
@inproceedings{edelson2020,
  title = {A {{Security Analysis}} of the {{Facebook Ad Library}}},
  booktitle = {2020 {{IEEE Symposium}} on {{Security}} and {{Privacy}} ({{SP}})},
  author = {Edelson, Laura and Lauinger, Tobias and McCoy, Damon},
  year = {2020},
  month = may,
  pages = {661--678},
  publisher = {{IEEE}},
  address = {{San Francisco, CA, USA}},
  doi = {10.1109/SP40000.2020.00084}
}

@incollection{bene2021,
  title = {Political {{Advertising}} on {{Facebook}}},
  booktitle = {Campaigning on {{Facebook}} in the 2019 {{European Parliament Election}}: {{Informing}}, {{Interacting}} with, and {{Mobilising Voters}}},
  author = {Bene, M{\'a}rton and Kruschinski, Simon},
  editor = {Ha{\ss}ler, J{\"o}rg and Magin, Melanie and Russmann, Uta and Fenoll, Vicente},
  year = {2021},
  series = {Political {{Campaigning}} and {{Communication}}},
  pages = {283--299},
  publisher = {{Springer International Publishing}},
  address = {{Cham}},
  doi = {10.1007/978-3-030-73851-8_18}
}

@article{schmokel2021,
  title = {{{FBAdLibrarian}} and {{Pykognition}}: Open Science Tools for the Collection and Emotion Detection of Images in {{Facebook}} Political Ads with Computer Vision},
  shorttitle = {{{FBAdLibrarian}} and {{Pykognition}}},
  author = {Schm{\o}kel, Rasmus and Bossetta, Michael},
  year = {2021},
  month = may,
  journal = {Journal of Information Technology \& Politics},
  volume = {0},
  number = {0},
  pages = {1--11},
  publisher = {{Routledge}},
  issn = {1933-1681},
  doi = {10.1080/19331681.2021.1928579}
}

@inproceedings{capozzi2021,
  title = {Clandestino or {{Rifugiato}}? {{Anti-immigration Facebook Ad Targeting}} in {{Italy}}},
  shorttitle = {Clandestino or {{Rifugiato}}?},
  booktitle = {Proceedings of the 2021 {{CHI Conference}} on {{Human Factors}} in {{Computing Systems}}},
  author = {Capozzi, Arthur and De Francisci Morales, Gianmarco and Mejova, Yelena and Monti, Corrado and Panisson, Andr{\'e} and Paolotti, Daniela},
  year = {2021},
  month = may,
  pages = {1--15},
  publisher = {{ACM}},
  address = {{Yokohama Japan}},
  doi = {10.1145/3411764.3445082}
}

@article{bruns2019,
  title = {After the {{APIcalypse}}: Social Media Platforms and Their Fight against Critical Scholarly Research},
  shorttitle = {After the {{APIcalypse}}},
  author = {Bruns, Axel},
  year = {2019},
  month = sep,
  journal = {Information, Communication \& Society},
  volume = {22},
  number = {11},
  pages = {1544--1566},
  publisher = {{Routledge}},
  issn = {1369-118X},
  doi = {10.1080/1369118X.2019.1637447}
}

@article{cano2021,
  title = {Disinformation in {{Facebook Ads}} in the 2019 {{Spanish General Election Campaigns}}},
  author = {{Cano-Or{\'o}n}, Lorena and Calvo, Dafne and L{\'o}pez Garc{\'i}a, Guillermo and Baviera, Tom{\'a}s},
  year = {2021},
  month = mar,
  journal = {Media and Communication},
  volume = {9},
  number = {1},
  pages = {217--228},
  issn = {2183-2439},
  doi = {10.17645/mac.v9i1.3335}
}


@article{calvo2021,
  title = {Global {{Spaces}} for {{Local Politics}}: {{An Exploratory Analysis}} of {{Facebook Ads}} in {{Spanish Election Campaigns}}},
  shorttitle = {Global {{Spaces}} for {{Local Politics}}},
  author = {Calvo, Dafne and {Cano-Or{\'o}n}, Lorena and Baviera, Tom{\'a}s},
  year = {2021},
  month = jul,
  journal = {Social Sciences},
  volume = {10},
  number = {7},
  pages = {271},
  publisher = {{Multidisciplinary Digital Publishing Institute}},
  doi = {10.3390/socsci10070271}
}

@article{fowler2021,
  title = {Political {{Advertising Online}} and {{Offline}}},
  author = {Fowler, Erika Franklin and Franz, Michael M. and Martin, Gregory J. and Peskowitz, Zachary and Ridout, Travis N.},
  year = {2021},
  month = feb,
  journal = {American Political Science Review},
  volume = {115},
  number = {1},
  pages = {130--149},
  publisher = {{Cambridge University Press}},
  issn = {0003-0554, 1537-5943},
  doi = {10.1017/S0003055420000696}
}