
@ARTICLE{Dobbrick2021-iz,
  title     = "Enhancing {Theory-Informed} Dictionary Approaches with
               ``Glass-box'' Machine Learning: The Case of Integrative
               Complexity in Social Media Comments",
  author    = "Dobbrick, Timo and Jakob, Julia and Chan, Chung-Hong and
               Wessler, Hartmut",
  journal   = "Commun. Methods Meas.",
  publisher = "Routledge",
  pages     = "1--18",
  month     =  nov,
  year      =  2021
}

@ARTICLE{Grimmer2013-xe,
  title     = "Text as Data: The Promise and Pitfalls of Automatic Content
               Analysis Methods for Political Texts",
  author    = "Grimmer, Justin and Stewart, Brandon M",
  journal   = "Polit. Anal.",
  publisher = "Cambridge University Press",
  volume    =  21,
  number    =  3,
  pages     = "267--297",
  year      =  2013
}



@ARTICLE{Prates2018-fx,
  title         = "Assessing Gender Bias in Machine Translation -- A Case Study
                   with Google Translate",
  author        = "Prates, Marcelo O R and Avelar, Pedro H C and Lamb, Luis",
  month         =  sep,
  year          =  2018,
  archivePrefix = "arXiv",
  primaryClass  = "cs.CY",
  eprint        = "1809.02208"
}



@ARTICLE{Larsson2020-iu,
  title     = "Right-wingers on the rise online: Insights from the 2018 Swedish
               elections",
  author    = "Larsson, Anders Olof",
  journal   = "New Media \& Society",
  publisher = "SAGE Publications",
  volume    =  22,
  number    =  12,
  pages     = "2108--2127",
  month     =  dec,
  year      =  2020
}

@ARTICLE{Bruns2020-pl,
  title     = "`Corona? 5G? or both?': the dynamics of {COVID-19/5G} conspiracy
               theories on Facebook",
  author    = "Bruns, Axel and Harrington, Stephen and Hurcombe, Edward",
  journal   = "Media International Australia",
  publisher = "SAGE Publications Ltd",
  volume    =  177,
  number    =  1,
  pages     = "12--29",
  month     =  nov,
  year      =  2020
}

@ARTICLE{Broniatowski2020-rh,
  title    = "Facebook Pages, the ``Disneyland'' Measles Outbreak, and
              Promotion of Vaccine Refusal as a Civil Right, 2009-2019",
  author   = "Broniatowski, David A and Jamison, Amelia M and Johnson, Neil F
              and Velasquez, Nicol{\'a}s and Leahy, Rhys and Restrepo, Nicholas
              Johnson and Dredze, Mark and Quinn, Sandra C",
  journal  = "Am. J. Public Health",
  volume   =  110,
  number   = "S3",
  pages    = "S312--S318",
  month    =  oct,
  year     =  2020,
  language = "en"
}

@ARTICLE{Berriche2020-dt,
  title     = "Internet users engage more with phatic posts than with health
               misinformation on Facebook",
  author    = "Berriche, Manon and Altay, Sacha",
  journal   = "Palgrave Communications",
  publisher = "Palgrave",
  volume    =  6,
  number    =  1,
  pages     = "1--9",
  month     =  apr,
  year      =  2020,
  language  = "en"
}



@MISC{Konrad2020-rl,
  title        = "Using Google Places data to analyze changes in mobility
                  during the {COVID-19} pandemic",
  author       = "Konrad, Markus",
  month        =  may,
  year         =  2020,
  howpublished = "\url{https://datascience.blog.wzb.eu/2020/05/11/using-google-places-data-to-analyze-changes-in-mobility-during-the-covid-19-pandemic/}",
  note         = "Accessed: 2021-11-22"
}




@MISC{Edmondson2017-pv,
  title        = "Google Cloud Speech {API}",
  author       = "Edmondson, Mark",
  month        =  sep,
  year         =  2017,
  howpublished = "\url{https://mran.microsoft.com/snapshot/2017-09-27/web/packages/googleLanguageR/vignettes/speech.html}",
  note         = "Accessed: 2021-11-23"
}



@ARTICLE{Hosseinmardi2015-yc,
  title         = "Prediction of Cyberbullying Incidents on the Instagram
                   Social Network",
  author        = "Hosseinmardi, Homa and Mattson, Sabrina Arredondo and Rafiq,
                   Rahat Ibn and Han, Richard and Lv, Qin and Mishr, Shivakant",
  month         =  aug,
  year          =  2015,
  archivePrefix = "arXiv",
  primaryClass  = "cs.IR",
  eprint        = "1508.06257"
}

@ARTICLE{Brown2019-jp,
  title    = "Can acute suicidality be predicted by Instagram data? Results
              from qualitative and quantitative language analyses",
  author   = "Brown, Rebecca C and Bendig, Eileen and Fischer, Tin and
              Goldwich, A David and Baumeister, Harald and Plener, Paul L",
  journal  = "PLoS One",
  volume   =  14,
  number   =  9,
  pages    = "e0220623",
  month    =  sep,
  year     =  2019,
  language = "en"
}

@INPROCEEDINGS{Ferwerda2015-db,
  title     = "Predicting Personality Traits with Instagram Pictures",
  booktitle = "Proceedings of the 3rd Workshop on Emotions and Personality in
               Personalized Systems 2015",
  author    = "Ferwerda, Bruce and Schedl, Markus and Tkalcic, Marko",
  publisher = "Association for Computing Machinery",
  pages     = "7--10",
  series    = "EMPIRE '15",
  month     =  sep,
  year      =  2015,
  address   = "New York, NY, USA",
  location  = "Vienna, Austria"
}



@MISC{Tankovska_undated-ph,
  title        = "Topic: Instagram",
  author       = "Tankovska, H",
  howpublished = "\url{https://www.statista.com/topics/1882/instagram/}",
  note         = "Accessed: 2021-NA-NA"
}



@MISC{Facebook_for_Developers2021-mn,
  title        = "Instagram Basic Display {API}",
  author       = "{Facebook for Developers}",
  year         =  2021,
  howpublished = "\url{https://developers.facebook.com/docs/instagram-basic-display-api/}"
}

% The entry below contains non-ASCII chars that could not be converted
% to a LaTeX equivalent.
@MISC{Aslam2021-fp,
  title        = "• Instagram by the Numbers (2021): Stats, Demographics \& Fun
                  Facts",
  author       = "Aslam, Salman",
  month        =  jan,
  year         =  2021,
  howpublished = "\url{https://www.omnicoreagency.com/instagram-statistics/}",
  note         = "Accessed: 2021-11-30",
  language     = "en"
}



@MISC{Instagram2021-ii,
  title        = "Instagram Developer Documentation",
  author       = "{Instagram}",
  year         =  2021,
  howpublished = "\url{https://www.instagram.com/developer/}"
}


@ARTICLE{Hu2014-br,
  title    = "What We Instagram: A First Analysis of Instagram Photo Content
              and User Types",
  author   = "Hu, Yuheng and Manikonda, L and Kambhampati, S",
  journal  = "ICWSM",
  year     =  2014
}

@ARTICLE{Baertl2018,
  title    = "YouTube channels, uploads and views: A statistical analysis of the past 10 years.",
  author   = "Baertl, M",
  journal  = "Convergence",
  year     =  2018
}

@ARTICLE{Obadimu2019,
  title    = "Identifying toxicity within youtube video comment.",
  author   = "Obadimu, A., Mead, E., Hussain, M. N., & Agarwal, N.",
  journal  = "In International Conference on Social Computing, Behavioral-Cultural Modeling and Prediction and Behavior Representation in Modeling and Simulation",
  year     =  2019
}

@ARTICLE{Rieder2018,
  title    = "From ranking algorithms to ‘ranking cultures’: Investigating the modulation of visibility in YouTube search results.",
  author   = "Rieder, B., Matamoros-Fernández, A., & Coromina, Ò.",
  journal  = "Convergence",
  year     =  2018
}

@ARTICLE{Prado-Roman2021,
  title    = "Google Trends as a Predictor of Presidential Elections: The United States Versus Canada.",
  author   = "Prado-Román C, Gómez-Martínez R, Orden-Cruz C.",
  journal  = "American Behavioral Scientist",
  year     =  2021
}

@ARTICLE{Mavragani2019,
  title    = "Predicting referendum results in the Big Data Era.",
  author   = "Mavragani, A., Tsagarakis, K.P.",
  journal  = "J Big Data",
  year     =  2019
}

@ARTICLE{Brodeur2021,
  title    = "COVID-19, lockdowns and well-being: Evidence from Google Trends",
  author   = "Brodeur, A., Clark, A. E., Fleche, S., & Powdthavee, N.",
  journal  = "Journal of public economics",
  year     =  2021
}

@ARTICLE{Bedini2014,
  title    = "Open Government Data: Fostering Innovation. EJournal of EDemocracy and Open Government",
  author   = "Bedini, I., Farazi, M. F., Leoni, D., Pane, J., Tankoyeu, I., & Leucci, S.",
  journal  = "EJournal of EDemocracy and Open Government",
  year     =  2014
}

@ARTICLE{Correa2015,
  title    = "A collaborative-oriented middleware for structuring information to open government data.",
  author   = "Corrêa, A. S., Corrêa, P. L. P., & da Silva, F. S. C.",
  journal  = "Proceedings of the 16th Annual International Conference on Digital Government Research",
  year     =  2015
}

@ARTICLE{Liu2018,
  title    = "Open Government Data: The German Government is Moving.",
  author   = "Liu, C., Liu, X., Li, X., Liu, W., Yan, C., & Li, Q.",
  journal  = "Asia-Pacific Social Science and Modern Education Conference (SSME 2018)",
  year     =  2018
}

@ARTICLE{Marienfeld2013,
  title    = "Metadata aggregation at GovData.de: An experience report.",
  author   = "Marienfeld, F., Schieferdecker, I., Lapi, E., & Tcholtchev, N.",
  journal  = "Proceedings of the 9th International Symposium on Open Collaboration",
  year     =  2013
}


@article{elbahrawy2019wikipedia,
  title={Wikipedia and cryptocurrencies: interplay between collective attention and market performance},
  author={ElBahrawy, Abeer and Alessandretti, Laura and Baronchelli, Andrea},
  journal={Frontiers in Blockchain},
  volume={2},
  pages={12},
  year={2019},
  publisher={Frontiers}
}

@article{gozzi2020collective,
  title={Collective response to media coverage of the COVID-19 pandemic on Reddit and Wikipedia: mixed-methods analysis},
  author={Gozzi, Nicol{\`o} and Tizzani, Michele and Starnini, Michele and Ciulla, Fabio and Paolotti, Daniela and Panisson, Andr{\'e} and Perra, Nicola},
  journal={Journal of medical Internet research},
  volume={22},
  number={10},
  pages={e21597},
  year={2020},
  publisher={JMIR Publications Inc., Toronto, Canada}
}


@article{margolin2016wiki,
  title={Wiki-worthy: collective judgment of candidate notability},
  author={Margolin, Drew B and Goodman, Sasha and Keegan, Brian and Lin, Yu-Ru and Lazer, David},
  journal={Information, Communication \& Society},
  volume={19},
  number={8},
  pages={1029--1045},
  year={2016},
  publisher={Taylor \& Francis}
}

@article{salem2021wikipedia,
  title={Wikipedia: a challenger’s best friend? Utilizing information-seeking behaviour patterns to predict US congressional elections},
  author={Salem, Hamza and Stephany, Fabian},
  journal={Information, Communication \& Society},
  pages={1--27},
  year={2021},
  publisher={Taylor \& Francis}
}



@INPROCEEDINGS{Quarati2019-jf,
  title     = "Open Government Data usage: a brief overview",
  booktitle = "{IDEAS} 2019, 23rd International Database Engineering \&
               Applications Symposium",
  author    = "Quarati, Alfonso and De Martino, Monica",
  publisher = "unknown",
  month     =  jun,
  year      =  2019
}

@Article{barrie:2021,
  author       = {Barrie, Christopher and Ho, Justin},
  title	       = {academictwitteR: an R package to access the Twitter
                  Academic Research Product Track v2 API endpoint},
  year	       = 2021,
  volume       = 6,
  number       = 62,
  month	       = {Jun},
  pages	       = 3272,
  issn	       = {2475-9066},
  doi	       = {10.21105/joss.03272},
  url	       = {http://dx.doi.org/10.21105/joss.03272},
  journal      = {Journal of Open Source Software},
  publisher    = {The Open Journal}
}

@article{hassler2021influence,
  title={Influence of the pandemic lockdown on Fridays for Future’s hashtag activism},
  author={Ha{\ss}ler, J{\"o}rg and Wurst, Anna-Katharina and Jungblut, Marc and Schlosser, Katharina},
  journal={new media \& society},
  pages={14614448211026575},
  year={2021},
  publisher={SAGE Publications Sage UK: London, England},
  doi={https://doi.org/10.1177/14614448211026575}
}

@misc{burgess2015easy,
  title={Easy data, hard data: The politics and pragmatics of Twitter research after the computational turn},
  author={Burgess, Jean and Bruns, Axel},
  journal={Compromised data: From social media to big data},
  volume={95},
  year={2015},
  publisher={Bloomsbury Academic New York, NY}
}

@article{matamoros2021racism,
  title={Racism, Hate Speech, and Social Media: A Systematic Review and Critique},
  author={Matamoros-Fern{\'a}ndez, Ariadna and Farkas, Johan},
  journal={Television \& New Media},
  volume={22},
  number={2},
  pages={205--224},
  year={2021},
  publisher={Sage Publications Sage CA: Los Angeles, CA},
  doi={http://dx.doi.org/10.1177/1527476420982230}
}

@misc{newman2021reuters,
  title={{Reuters Institute digital news report 2021}},
  author={Newman, Nic and Fletcher, Richard and Schulz, Anne and Andi, Simge and Robertson, Craig T and Nielsen, Rasmus Kleis},
  year={2021}
}

@Article{rauchfleisch:2021:HCD,
  author       = {Rauchfleisch, Adrian and Siegen, Dario and Vogler,
                  Daniel},
  title	       = {How COVID-19 Displaced Climate Change: Mediated
                  Climate Change Activism and Issue Attention in the
                  Swiss Media and Online Sphere},
  year	       = 2021,
  month	       = {Nov},
  pages	       = {1–9},
  issn	       = {1752-4040},
  doi	       = {10.1080/17524032.2021.1990978},
  url	       = {http://dx.doi.org/10.1080/17524032.2021.1990978},
  journal      = {Environmental Communication},
  publisher    = {Informa UK Limited}
}

@Article{kearney:2019,
  author       = {Kearney, Michael},
  title	       = {rtweet: Collecting and analyzing Twitter data},
  year	       = 2019,
  volume       = 4,
  number       = 42,
  month	       = {Oct},
  pages	       = 1829,
  issn	       = {2475-9066},
  doi	       = {10.21105/joss.01829},
  url	       = {http://dx.doi.org/10.21105/joss.01829},
  journal      = {Journal of Open Source Software},
  publisher    = {The Open Journal}
}


@inproceedings{edelson2020,
  title = {A {{Security Analysis}} of the {{Facebook Ad Library}}},
  booktitle = {2020 {{IEEE Symposium}} on {{Security}} and {{Privacy}} ({{SP}})},
  author = {Edelson, Laura and Lauinger, Tobias and McCoy, Damon},
  year = {2020},
  month = may,
  pages = {661--678},
  publisher = {{IEEE}},
  address = {{San Francisco, CA, USA}},
  doi = {10.1109/SP40000.2020.00084}
}

@incollection{bene2021,
  title = {Political {{Advertising}} on {{Facebook}}},
  booktitle = {Campaigning on {{Facebook}} in the 2019 {{European Parliament Election}}: {{Informing}}, {{Interacting}} with, and {{Mobilising Voters}}},
  author = {Bene, M{\'a}rton and Kruschinski, Simon},
  editor = {Ha{\ss}ler, J{\"o}rg and Magin, Melanie and Russmann, Uta and Fenoll, Vicente},
  year = {2021},
  series = {Political {{Campaigning}} and {{Communication}}},
  pages = {283--299},
  publisher = {{Springer International Publishing}},
  address = {{Cham}},
  doi = {10.1007/978-3-030-73851-8_18}
}

@article{schmokel2021,
  title = {{{FBAdLibrarian}} and {{Pykognition}}: Open Science Tools for the Collection and Emotion Detection of Images in {{Facebook}} Political Ads with Computer Vision},
  shorttitle = {{{FBAdLibrarian}} and {{Pykognition}}},
  author = {Schm{\o}kel, Rasmus and Bossetta, Michael},
  year = {2021},
  month = may,
  journal = {Journal of Information Technology \& Politics},
  volume = {0},
  number = {0},
  pages = {1--11},
  publisher = {{Routledge}},
  issn = {1933-1681},
  doi = {10.1080/19331681.2021.1928579}
}

@inproceedings{capozzi2021,
  title = {Clandestino or {{Rifugiato}}? {{Anti-immigration Facebook Ad Targeting}} in {{Italy}}},
  shorttitle = {Clandestino or {{Rifugiato}}?},
  booktitle = {Proceedings of the 2021 {{CHI Conference}} on {{Human Factors}} in {{Computing Systems}}},
  author = {Capozzi, Arthur and De Francisci Morales, Gianmarco and Mejova, Yelena and Monti, Corrado and Panisson, Andr{\'e} and Paolotti, Daniela},
  year = {2021},
  month = may,
  pages = {1--15},
  publisher = {{ACM}},
  address = {{Yokohama Japan}},
  doi = {10.1145/3411764.3445082}
}

@article{bruns2019,
  title = {After the {{APIcalypse}}: Social Media Platforms and Their Fight against Critical Scholarly Research},
  shorttitle = {After the {{APIcalypse}}},
  author = {Bruns, Axel},
  year = {2019},
  month = sep,
  journal = {Information, Communication \& Society},
  volume = {22},
  number = {11},
  pages = {1544--1566},
  publisher = {{Routledge}},
  issn = {1369-118X},
  doi = {10.1080/1369118X.2019.1637447}
}

@article{cano2021,
  title = {Disinformation in {{Facebook Ads}} in the 2019 {{Spanish General Election Campaigns}}},
  author = {{Cano-Or{\'o}n}, Lorena and Calvo, Dafne and L{\'o}pez Garc{\'i}a, Guillermo and Baviera, Tom{\'a}s},
  year = {2021},
  month = mar,
  journal = {Media and Communication},
  volume = {9},
  number = {1},
  pages = {217--228},
  issn = {2183-2439},
  doi = {10.17645/mac.v9i1.3335}
}


@article{calvo2021,
  title = {Global {{Spaces}} for {{Local Politics}}: {{An Exploratory Analysis}} of {{Facebook Ads}} in {{Spanish Election Campaigns}}},
  shorttitle = {Global {{Spaces}} for {{Local Politics}}},
  author = {Calvo, Dafne and {Cano-Or{\'o}n}, Lorena and Baviera, Tom{\'a}s},
  year = {2021},
  month = jul,
  journal = {Social Sciences},
  volume = {10},
  number = {7},
  pages = {271},
  publisher = {{Multidisciplinary Digital Publishing Institute}},
  doi = {10.3390/socsci10070271}
}

@article{fowler2021,
  title = {Political {{Advertising Online}} and {{Offline}}},
  author = {Fowler, Erika Franklin and Franz, Michael M. and Martin, Gregory J. and Peskowitz, Zachary and Ridout, Travis N.},
  year = {2021},
  month = feb,
  journal = {American Political Science Review},
  volume = {115},
  number = {1},
  pages = {130--149},
  publisher = {{Cambridge University Press}},
  issn = {0003-0554, 1537-5943},
  doi = {10.1017/S0003055420000696}
}

